<?xml version="1.0" encoding="utf-8"?>
<record xmlns="http://www.loc.gov/MARC21/slim" xmlns:xsi="http://www.w3.org/2001/XMLSchema-instance" xsi:schemaLocation="http://www.loc.gov/MARC21/slim http://www.loc.gov/standards/marcxml/schema/MARC21slim.xsd">
	<leader>     nam a22     Mi 4500</leader>
	<controlfield tag="001">b12450935</controlfield>
	<controlfield tag="003">LeBAU</controlfield>
	<controlfield tag="006">m        d        </controlfield>
	<controlfield tag="007">cr cn |||m|||a</controlfield>
	<controlfield tag="008">210702s1946    ua ac   ob    ||0 0 ara d</controlfield>
	<datafield ind1=" " ind2=" " tag="040">
		<subfield code="a">ZYU</subfield>
		<subfield code="b">ara</subfield>
		<subfield code="e">rda</subfield>
		<subfield code="c">ZYU</subfield>
	</datafield>
	<datafield ind1="1" ind2=" " tag="041">
		<subfield code="a">ara</subfield>
		<subfield code="a">fre</subfield>
	</datafield>
	<datafield ind1=" " ind2=" " tag="043">
		<subfield code="a">f-ua---</subfield>
	</datafield>
	<datafield ind1="0" ind2="4" tag="082">
		<subfield code="a">362.962</subfield>
		<subfield code="2">20</subfield>
	</datafield>
	<datafield ind1="1" ind2=" " tag="100">
		<subfield code="6">880-01</subfield>
		<subfield code="a">Ḥasan, ʻAbd al-Raʼūf,</subfield>
		<subfield code="e">author.</subfield>
	</datafield>
	<datafield ind1="1" ind2="0" tag="245">
		<subfield code="6">880-02</subfield>
		<subfield code="a">Maṣaḥḥat Fuʼād al-Awwal bi-Ḥalwān :</subfield>
		<subfield code="b">dhikrayāt ʻishrīn ʻāman /</subfield>
		<subfield code="c">bi-qalam al-Duktūr ʻAbd al-Raʼūf Ḥasan, mudīr Maṣaḥḥat Fuʼād al-Awwal bi-Ḥalwān, diblūm al-ṣiḥḥah al-ʻāmmah wa-diblūm amrāḍ al-manātiq al-ḥārrah - (min Jāmiʻat Kambridj - Injiltrā), akhiṣṣāʼī amrāḍ al-ṣadr min Jāmiʻat Strāsbūrj (Faransā) wa-maṣaḥḥāt Dāfūs wa-Līzān (Swīsrā).</subfield>
	</datafield>
	<datafield ind1=" " ind2="1" tag="264">
		<subfield code="6">880-03</subfield>
		<subfield code="a">Miṣr :</subfield>
		<subfield code="b">Maṭbaʻat Kūstā Tūmās wa-Shurakāh,</subfield>
		<subfield code="c">1946.</subfield>
	</datafield>
	<datafield ind1=" " ind2=" " tag="300">
		<subfield code="6">880-04</subfield>
		<subfield code="a">online resource (116 pages, 18 unnumbered leaves of plates) :</subfield>
		<subfield code="b">illustrations, portraits</subfield>
	</datafield>
	<datafield ind1=" " ind2=" " tag="336">
		<subfield code="a">text</subfield>
		<subfield code="2">rdacontent</subfield>
	</datafield>
	<datafield ind1=" " ind2=" " tag="337">
		<subfield code="a">computer</subfield>
		<subfield code="2">rdamedia</subfield>
	</datafield>
	<datafield ind1=" " ind2=" " tag="338">
		<subfield code="a">online resource</subfield>
		<subfield code="2">rdacarrier</subfield>
	</datafield>
	<datafield ind1=" " ind2=" " tag="500">
		<subfield code="a">Part of the Arabic Collections Online (ACO) project, contributed by American University of Beirut's Jafet Memorial Library.</subfield>
	</datafield>
	<datafield ind1=" " ind2=" " tag="533">
		<subfield code="a">Electronic reproduction.</subfield>
		<subfield code="b">New York, N.Y. :</subfield>
		<subfield code="c">New York University,</subfield>
		<subfield code="d">2021.</subfield>
		<subfield code="5">NNU</subfield>
	</datafield>
	<datafield ind1="2" ind2="0" tag="610">
		<subfield code="6">880-05</subfield>
		<subfield code="a">Maṣaḥḥat Fuʼād al-Awwal (Ḥulwān, Egypt)</subfield>
	</datafield>
	<datafield ind1=" " ind2="0" tag="650">
		<subfield code="6">880-06</subfield>
		<subfield code="a">Tuberculosis</subfield>
		<subfield code="x">Therapy.</subfield>
	</datafield>
	<datafield ind1=" " ind2="0" tag="650">
		<subfield code="6">880-07</subfield>
		<subfield code="a">Hospitals</subfield>
		<subfield code="z">Egypt.</subfield>
	</datafield>
	<datafield ind1="2" ind2=" " tag="710">
		<subfield code="a">Jafet Memorial Library.</subfield>
	</datafield>
	<datafield ind1="0" ind2=" " tag="730">
		<subfield code="a">Arabic Collections Online.</subfield>
	</datafield>
	<datafield ind1="0" ind2="8" tag="776">
		<subfield code="i">Print version:</subfield>
		<subfield code="a">Ḥasan, ʻAbd al-Raʼūf, author.</subfield>
		<subfield code="t">Maṣaḥḥat Fuʼād al-Awwal bi-Ḥalwān</subfield>
		<subfield code="w">(LeBAU)b12450935</subfield>
	</datafield>
	<datafield ind1="4" ind2="0" tag="856">
		<subfield code="u">http://hdl.handle.net/2333.1/47d7wxk0</subfield>
	</datafield>
	<datafield ind1="1" ind2=" " tag="880">
		<subfield code="6">100-01</subfield>
		<subfield code="a">حسن، عبد الرؤوف،</subfield>
		<subfield code="e">مؤلف.</subfield>
		<subfield code="4">aut.</subfield>
	</datafield>
	<datafield ind1="1" ind2="0" tag="880">
		<subfield code="6">245-02</subfield>
		<subfield code="a">مصحة فواد الأول بحلوان :</subfield>
		<subfield code="b">ذكريات عشرين عاماً /</subfield>
		<subfield code="c">بقلم الدكتور عبد الرءوف حسن، مدير مصحة فواد الأول بحلوان، دبلوم الصحة العامة ودبلوم أمراض المناطق الحارة - (من جامعة كمبريدج - انجلترا)، اخصائي امراض الصدر من جامعة ستراسبورج (فرنسا) ومصحات دافوس وليزان (سويسرا).</subfield>
	</datafield>
	<datafield ind1=" " ind2="1" tag="880">
		<subfield code="6">264-03</subfield>
		<subfield code="a">مصر :</subfield>
		<subfield code="b">مطبعة كوستا توماس وشركاه،</subfield>
		<subfield code="c">1946.</subfield>
	</datafield>
	<datafield ind1=" " ind2=" " tag="880">
		<subfield code="6">300-04</subfield>
		<subfield code="a">116 صفحة، 18 ورقة لوحات غير مرقمة :</subfield>
		<subfield code="b">مصورات، صور شخصانية ؛</subfield>
		<subfield code="c">22 سم</subfield>
	</datafield>
	<datafield ind1=" " ind2=" " tag="880">
		<subfield code="6">504-00</subfield>
		<subfield code="a">يتضمن مراجع ببليوغرافية.</subfield>
	</datafield>
	<datafield ind1=" " ind2=" " tag="880">
		<subfield code="6">546-00</subfield>
		<subfield code="a">النص بالعربية؛ مع بعض النصوص بالفرنسية.</subfield>
	</datafield>
	<datafield ind1="2" ind2="4" tag="880">
		<subfield code="6">610-05</subfield>
		<subfield code="a">مصحة فواد الأول (حلوان، مصر)</subfield>
	</datafield>
	<datafield ind1=" " ind2="4" tag="880">
		<subfield code="6">650-06</subfield>
		<subfield code="a">السل</subfield>
		<subfield code="x">علاج.</subfield>
	</datafield>
	<datafield ind1=" " ind2="4" tag="880">
		<subfield code="6">650-07</subfield>
		<subfield code="a">المستشفيات</subfield>
		<subfield code="z">مصر.</subfield>
	</datafield>
	<datafield ind1=" " ind2=" " tag="959">
		<subfield code="a">NNU</subfield>
		<subfield code="b">WEB</subfield>
		<subfield code="c">GENI</subfield>
		<subfield code="t">0</subfield>
		<subfield code="m">Electronic access</subfield>
		<subfield code="s">01</subfield>
	</datafield>
	<datafield ind1=" " ind2=" " tag="999">
		<subfield code="i">LeBAU_b12450935</subfield>
		<subfield code="s">aub_aco004048</subfield>
		<subfield code="e">(ERROR-MISC)</subfield>
		<subfield code="s">aub_aco004048</subfield>
	</datafield>
</record>
